%YAML 1.1
%TAG !u! tag:unity3d.com,2011:
--- !u!1 &1045070428473600456
GameObject:
  m_ObjectHideFlags: 0
  m_CorrespondingSourceObject: {fileID: 0}
  m_PrefabInstance: {fileID: 0}
  m_PrefabAsset: {fileID: 0}
  serializedVersion: 6
  m_Component:
  - component: {fileID: 1045070428473600458}
  - component: {fileID: 1045070428473600453}
  - component: {fileID: 1045070428473600459}
  - component: {fileID: 1045070428473600452}
  m_Layer: 9
  m_Name: Player
  m_TagString: Untagged
  m_Icon: {fileID: 0}
  m_NavMeshLayer: 0
  m_StaticEditorFlags: 0
  m_IsActive: 1
--- !u!4 &1045070428473600458
Transform:
  m_ObjectHideFlags: 0
  m_CorrespondingSourceObject: {fileID: 0}
  m_PrefabInstance: {fileID: 0}
  m_PrefabAsset: {fileID: 0}
  m_GameObject: {fileID: 1045070428473600456}
  m_LocalRotation: {x: 0, y: 0, z: 0, w: 1}
  m_LocalPosition: {x: -1.0250453, y: 2.9, z: -0.57652414}
  m_LocalScale: {x: 2.9131, y: 2.9131, z: 2.9131}
  m_Children:
  - {fileID: 1045070430005633185}
  m_Father: {fileID: 0}
  m_RootOrder: 0
  m_LocalEulerAnglesHint: {x: 0, y: 0, z: 0}
--- !u!195 &1045070428473600453
NavMeshAgent:
  m_ObjectHideFlags: 0
  m_CorrespondingSourceObject: {fileID: 0}
  m_PrefabInstance: {fileID: 0}
  m_PrefabAsset: {fileID: 0}
  m_GameObject: {fileID: 1045070428473600456}
  m_Enabled: 1
  m_AgentTypeID: 0
  m_Radius: 0.5
  m_Speed: 3.5
  m_Acceleration: 8
  avoidancePriority: 50
  m_AngularSpeed: 120
  m_StoppingDistance: 0
  m_AutoTraverseOffMeshLink: 1
  m_AutoBraking: 1
  m_AutoRepath: 1
  m_Height: 2
  m_BaseOffset: 0
  m_WalkableMask: 4294967295
  m_ObstacleAvoidanceType: 4
--- !u!114 &1045070428473600459
MonoBehaviour:
  m_ObjectHideFlags: 0
  m_CorrespondingSourceObject: {fileID: 0}
  m_PrefabInstance: {fileID: 0}
  m_PrefabAsset: {fileID: 0}
  m_GameObject: {fileID: 1045070428473600456}
  m_Enabled: 1
  m_EditorHideFlags: 0
  m_Script: {fileID: 11500000, guid: cbf46fc7f8497dc49b2dd698961bb340, type: 3}
  m_Name: 
  m_EditorClassIdentifier: 
  Speed: 10
  ZSpeedCompenserMultiplier: 1.5
  agent: {fileID: 1045070428473600453}
--- !u!114 &1045070428473600452
MonoBehaviour:
  m_ObjectHideFlags: 0
  m_CorrespondingSourceObject: {fileID: 0}
  m_PrefabInstance: {fileID: 0}
  m_PrefabAsset: {fileID: 0}
  m_GameObject: {fileID: 1045070428473600456}
  m_Enabled: 1
  m_EditorHideFlags: 0
  m_Script: {fileID: 11500000, guid: fb0bad81eb273bb4da46138413ccd16e, type: 3}
  m_Name: 
  m_EditorClassIdentifier: 
  maxHP: 0
  hp: 0
--- !u!1 &1045070430005633190
GameObject:
  m_ObjectHideFlags: 0
  m_CorrespondingSourceObject: {fileID: 0}
  m_PrefabInstance: {fileID: 0}
  m_PrefabAsset: {fileID: 0}
  serializedVersion: 6
  m_Component:
  - component: {fileID: 1045070430005633185}
  m_Layer: 9
  m_Name: Visual
  m_TagString: Untagged
  m_Icon: {fileID: 0}
  m_NavMeshLayer: 0
  m_StaticEditorFlags: 0
  m_IsActive: 1
--- !u!4 &1045070430005633185
Transform:
  m_ObjectHideFlags: 0
  m_CorrespondingSourceObject: {fileID: 0}
  m_PrefabInstance: {fileID: 0}
  m_PrefabAsset: {fileID: 0}
  m_GameObject: {fileID: 1045070430005633190}
  m_LocalRotation: {x: 0, y: 0, z: 0, w: 1}
  m_LocalPosition: {x: 0, y: 0, z: 0}
  m_LocalScale: {x: 1, y: 1, z: 1}
  m_Children:
  - {fileID: 214041369608767497}
  m_Father: {fileID: 1045070428473600458}
  m_RootOrder: 0
  m_LocalEulerAnglesHint: {x: 0, y: 0, z: 0}
--- !u!1001 &1045070428573422423
PrefabInstance:
  m_ObjectHideFlags: 0
  serializedVersion: 2
  m_Modification:
    m_TransformParent: {fileID: 1045070430005633185}
    m_Modifications:
    - target: {fileID: 898674255479610204, guid: 0ce4e40f2c302ed4b879064bfcea7a55,
        type: 3}
      propertyPath: m_Name
      value: Player-Visual
      objectReference: {fileID: 0}
    - target: {fileID: 898674255479610204, guid: 0ce4e40f2c302ed4b879064bfcea7a55,
        type: 3}
      propertyPath: m_Layer
      value: 9
      objectReference: {fileID: 0}
    - target: {fileID: 898674255479610206, guid: 0ce4e40f2c302ed4b879064bfcea7a55,
        type: 3}
      propertyPath: m_LocalPosition.x
      value: 0
      objectReference: {fileID: 0}
    - target: {fileID: 898674255479610206, guid: 0ce4e40f2c302ed4b879064bfcea7a55,
        type: 3}
      propertyPath: m_LocalPosition.y
      value: 0
      objectReference: {fileID: 0}
    - target: {fileID: 898674255479610206, guid: 0ce4e40f2c302ed4b879064bfcea7a55,
        type: 3}
      propertyPath: m_LocalPosition.z
      value: 0
      objectReference: {fileID: 0}
    - target: {fileID: 898674255479610206, guid: 0ce4e40f2c302ed4b879064bfcea7a55,
        type: 3}
      propertyPath: m_LocalRotation.x
      value: 0
      objectReference: {fileID: 0}
    - target: {fileID: 898674255479610206, guid: 0ce4e40f2c302ed4b879064bfcea7a55,
        type: 3}
      propertyPath: m_LocalRotation.y
      value: 0
      objectReference: {fileID: 0}
    - target: {fileID: 898674255479610206, guid: 0ce4e40f2c302ed4b879064bfcea7a55,
        type: 3}
      propertyPath: m_LocalRotation.z
      value: 0
      objectReference: {fileID: 0}
    - target: {fileID: 898674255479610206, guid: 0ce4e40f2c302ed4b879064bfcea7a55,
        type: 3}
      propertyPath: m_LocalRotation.w
      value: 1
      objectReference: {fileID: 0}
    - target: {fileID: 898674255479610206, guid: 0ce4e40f2c302ed4b879064bfcea7a55,
        type: 3}
      propertyPath: m_RootOrder
      value: 0
      objectReference: {fileID: 0}
    - target: {fileID: 898674255479610206, guid: 0ce4e40f2c302ed4b879064bfcea7a55,
        type: 3}
      propertyPath: m_LocalEulerAnglesHint.x
      value: 0
      objectReference: {fileID: 0}
    - target: {fileID: 898674255479610206, guid: 0ce4e40f2c302ed4b879064bfcea7a55,
        type: 3}
      propertyPath: m_LocalEulerAnglesHint.y
      value: 0
      objectReference: {fileID: 0}
    - target: {fileID: 898674255479610206, guid: 0ce4e40f2c302ed4b879064bfcea7a55,
        type: 3}
      propertyPath: m_LocalEulerAnglesHint.z
      value: 0
      objectReference: {fileID: 0}
    - target: {fileID: 898674255503123223, guid: 0ce4e40f2c302ed4b879064bfcea7a55,
        type: 3}
      propertyPath: m_Layer
      value: 9
      objectReference: {fileID: 0}
    - target: {fileID: 898674255503123224, guid: 0ce4e40f2c302ed4b879064bfcea7a55,
        type: 3}
      propertyPath: m_LocalPosition.z
      value: 0
      objectReference: {fileID: 0}
    m_RemovedComponents: []
  m_SourcePrefab: {fileID: 100100000, guid: 0ce4e40f2c302ed4b879064bfcea7a55, type: 3}
--- !u!4 &214041369608767497 stripped
Transform:
  m_CorrespondingSourceObject: {fileID: 898674255479610206, guid: 0ce4e40f2c302ed4b879064bfcea7a55,
    type: 3}
  m_PrefabInstance: {fileID: 1045070428573422423}
  m_PrefabAsset: {fileID: 0}
